2738 4469
511 302 548 365 6

432 475 560 536 que
606 451 810 517 caulis
861 449 1109 515 debiles
1155 461 1217 514 et
1259 446 1649 528 rectiusculi,
1679 451 1993 517 in‘medio
2023 475 2181 517 vero
2214 453 2394 517 caule
2417 452 2578 517 vali-

427 571 642 637 diores
674 571 1011 658 magisque
1034 570 1306 634 curvati:
1339 570 1611 654 majores
1636 570 1872 650 falcati,
1897 571 1964 635 in
1995 571 2249 658 angulis
2282 571 2569 650 conferti,

424 692 492 754 in
535 691 816 756 minores
863 690 1220 759 conformes
1261 689 1304 753 l.
1334 689 1757 755 rectiusculos
1790 691 2229 776 aciculasque,
2260 690 2572 756 lateribus

426 809 628 875 caulis
672 810 1050 896 plerumque
1095 807 1444 873 insidentes
1462 859 1480 888 ,
1541 809 1778 874 sensim
1824 810 2097 886 abeunt3
2165 833 2385 876 omnes
2431 811 2573 876 basi

427 930 617 995 valde
662 928 926 1005 dilatati,
957 927 1151 1014 pilosi
1188 937 1248 992 et
1281 929 1517 1014 saepius
1549 927 1887 995 bicolores.
1943 931 2129 996 Folia
2160 929 2574 1017 quinato-pe-

425 1050 593 1114 data.
637 1050 868 1115 Petioli
909 1062 973 1115 et
996 1052 1289 1138 petioluli
1317 1049 1519 1113 caulis
1549 1049 1751 1113 instar
1780 1049 2013 1129 vestiti,
2045 1061 2111 1114 at
2138 1036 2348 1137 magis
2378 1051 2571 1137 pilosi

424 1179 486 1233 et
530 1169 915 1254 glandulosi.
974 1171 1222 1236 Foliola
1250 1168 1577 1234 mediocra
1604 1168 2096 1233 membranacea
2123 1170 2336 1256 plana,
2374 1194 2576 1257 supra

425 1298 706 1352 saturate
750 1289 985 1353 viridia
1028 1302 1090 1353 et
1132 1312 1328 1376 parce
1367 1289 1675 1374 adpresse
1692 1287 1941 1374 pilosa,
1974 1288 2203 1353 subtus
2233 1289 2576 1375 pallidiora

426 1417 490 1471 et
548 1406 963 1493 pubescentia
1002 1408 1046 1473 l.
1091 1409 1159 1472 in
1202 1408 1360 1474 locis
1407 1408 1643 1495 apricis
1679 1407 2005 1475 crassiora
2048 1419 2109 1472 et
2155 1409 2573 1488 canescentia,

423 1525 822 1610 inaequaliter
858 1539 1234 1593 mucronato
1251 1539 1573 1615 fiserrata,
1607 1526 1879 1612 abrupte
1911 1529 2299 1604 acuminata,
2325 1567 2408 1575 ——-
2432 1528 2573 1592 foli-

425 1644 530 1710 ola
559 1647 798 1710 basalia
827 1647 1023 1710 medii
1053 1647 1252 1711 caulis
1285 1670 1539 1733 semper
1567 1646 1947 1733 petiolulata
1971 1646 2354 1732 (petiolulis,
2382 1670 2415 1711 e
2445 1659 2573 1734 pet.

420 1764 726 1830 foliorum
790 1765 1317 1830 intermediorum
1377 1765 1890 1852 egredientibus,
1951 1766 2184 1830 lineam
2228 1767 2340 1831 vix
2385 1789 2579 1853 supe-

422 1882 746 1968 rantibus)
775 1884 1033 1968 oblique
1058 1883 1638 1962 obovato-ovalia,
1665 1923 1747 1931 —-
1771 1885 1993 1949 foliola
2015 1887 2403 1963 intermedia,
2436 1885 2579 1950 basi

424 2003 692 2088 obliqua
737 2015 798 2068 et
843 2027 1242 2090 compressa,
1290 2003 2442 2098 obovato-rliomboidea,-foliolum
2466 2028 2576 2069 ea:-

423 2126 641 2188 timum
705 2123 896 2210 longe
939 2124 1348 2210 petiolatum,
1416 2123 1559 2188 basi
1627 2125 1860 2210 saepius
1927 2123 2151 2187 leviter
2216 2125 2577 2203 cordatum,

421 2243 1176 2309 rotundato-obovatum
1232 2245 1273 2308 l.
1319 2246 2007 2309 rotundato-ovatum.
2108 2245 2374 2331 stipulae
2416 2244 2580 2309 line-

423 2387 595 2442 ares,
640 2363 860 2449 pilosae
908 2376 971 2430 et
1013 2388 1206 2451 parce
1238 2364 1660 2452 glandulosae.
1760 2364 1971 2429 Caulis
1983 2366 2306 2452 flomfirus
2337 2364 2580 2429 turioni

424 2482 684 2547 omnino
731 2483 988 2561 similis,
1035 2497 1099 2548 at
1143 2507 1311 2570 saepe
1353 2483 1949 2549 fusco-maculatus
1996 2497 2058 2547 et
2092 2481 2261 2568 pilis,
2298 2482 2580 2568 glandu-

421 2603 500 2666 lis
548 2602 938 2687 aciculisque
985 2605 1067 2668 ad
1097 2605 1446 2669 maximam
1475 2614 1723 2689 partem
1756 2602 2281 2667 evanescentibus
2312 2601 2579 2688 glabra-

420 2733 543 2786 tus.
630 2723 825 2786 Rami
849 2726 1128 2812 flomferi
1169 2724 1467 2811 pedales,
1497 2746 1618 2810 pro
1648 2704 2048 2810 longitudine
2080 2721 2385 2807 graciles,
2415 2722 2578 2786 flex-

420 2842 588 2920 uosi,
637 2843 854 2925 quoad
897 2844 1190 2922 formam,
1239 2866 1417 2907 arma
1456 2857 1517 2906 et
1546 2843 1997 2907 vestimentum
2032 2841 2270 2904 turioni
2298 2863 2577 2926 prorsus

423 2961 691 3038 similes,
761 2973 853 3039 at,
914 2962 1242 3048 praecipue
1286 2963 1353 3026 in
1398 2974 1579 3049 parte
1625 2962 1986 3048 superiore,
2034 2960 2273 3024 aculeis
2319 2961 2577 3045 magnis

420 3080 688 3158 falcatis,
719 3080 861 3145 basi
890 3081 1236 3158 latissimiS,
1270 3082 1555 3167 insignes
1588 3093 1649 3145 et
1676 3080 1825 3167 pilis
1857 3078 2317 3166 glandulisque
2347 3102 2578 3143 nume-

420 3200 783 3264 rosioribus
828 3201 1036 3285 magis
1083 3199 1315 3265 vestiti.
1404 3201 1589 3265 Folia
1632 3203 1844 3289 infima
1885 3179 2161 3277 ternata,
2207 3197 2443 3264 foliolis
2486 3198 2577 3263 la-

421 3319 728 3384 teralibus
790 3318 1396 3397 rhombeo-ovatis,
1446 3320 1529 3383 ad
1574 3318 1932 3406 marginem
1976 3318 2339 3382 inferiorem
2385 3318 2578 3382 valde

421 3440 858 3504 ventricosum
903 3439 1137 3525 saepius
1185 3437 1860 3517 auriculato-lobatis,
1893 3437 2206 3502 terminali
2235 3437 2579 3501 rhombeo·

422 3558 731 3636 obovato,
780 3558 1078 3623 omnibus
1125 3561 1361 3635 acutis,
1407 3558 1810 3642 inaequaliter
1839 3557 2461 3636 inciso-biserratis,
2493 3596 2579 3606 --

400 3679 576 3766 folia
622 3681 821 3743 media
863 3678 963 3742 his
1010 3678 1272 3755 similia,
1318 3689 1384 3741 at
1421 3678 1697 3760 majora,
1731 3677 2486 3741 mucronato-serrulam
2517 3687 2580 3741 et

421 3796 696 3883 abrupte
740 3797 1133 3875 acuminata,
1180 3798 1314 3877 vel,
1358 3797 1729 3862 lateralibus
1774 3798 1841 3861 in
1887 3797 2020 3860 dua
2062 3795 2284 3860 foliola
2327 3796 2575 3874 solutis,

421 3917 969 4003 quinato-pedata
1012 3927 1074 3980 et
1115 3917 1284 3982 foliis
1332 3920 1662 3984 turionum
1706 3918 1967 3992 similia,
2001 3917 2116 3980 sed
2147 3916 2396 4001 apicem
2426 3938 2577 3979 ver-
