<?xml version="1.0" encoding="UTF-8"?>
<!DOCTYPE html PUBLIC "-//W3C//DTD XHTML 1.0 Transitional//EN"
    "http://www.w3.org/TR/xhtml1/DTD/xhtml1-transitional.dtd">
<html xmlns="http://www.w3.org/1999/xhtml" xml:lang="en" lang="en">
 <head>
  <title>
</title>
<meta http-equiv="Content-Type" content="text/html;charset=utf-8" />
  <meta name='ocr-system' content='tesseract 3.04.00' />
  <meta name='ocr-capabilities' content='ocr_page ocr_carea ocr_par ocr_line ocrx_word'/>
</head>
<body>
  <div class='ocr_page' id='page_1' title='image "./novitiflorscand00lindgoog_0011.png"; bbox 0 0 2738 4469; ppageno 0'>
   <div class='ocr_carea' id='block_1_1' title="bbox 2214 269 2252 331">
    <p class='ocr_par' dir='ltr' id='par_1_1' title="bbox 2214 269 2252 331">
     <span class='ocr_line' id='line_1_1' title="bbox 2214 269 2252 331; baseline 0 0"><span class='ocrx_word' id='word_1_1' title='bbox 2214 269 2252 331; x_wconf 88' lang='grc'><strong>7</strong></span> 
     </span>
    </p>
   </div>
   <div class='ocr_carea' id='block_1_2' title="bbox 136 421 2341 3974">
    <p class='ocr_par' dir='ltr' id='par_1_2' title="bbox 136 421 2341 3232">
     <span class='ocr_line' id='line_1_2' title="bbox 179 421 2340 509; baseline -0.001 -20"><span class='ocrx_word' id='word_1_2' title='bbox 179 447 299 489; x_wconf 89' lang='lat' dir='ltr'>sus</span> <span class='ocrx_word' id='word_1_3' title='bbox 365 423 754 509; x_wconf 89' lang='lat' dir='ltr'>plerumque</span> <span class='ocrx_word' id='word_1_4' title='bbox 818 421 1149 486; x_wconf 85' lang='lat' dir='ltr'>biserrata.</span> <span class='ocrx_word' id='word_1_5' title='bbox 1236 421 1424 486; x_wconf 78' lang='lat' dir='ltr'>Folia</span> <span class='ocrx_word' id='word_1_6' title='bbox 1458 421 1755 508; x_wconf 76' lang='lat' dir='ltr'>floralia,</span> <span class='ocrx_word' id='word_1_7' title='bbox 1801 441 1942 504; x_wconf 89' lang='lat' dir='ltr'>quae</span> <span class='ocrx_word' id='word_1_8' title='bbox 1984 443 2131 486; x_wconf 83' lang='lat' dir='ltr'>raro</span> <span class='ocrx_word' id='word_1_9' title='bbox 2177 421 2340 486; x_wconf 90' lang='lat' dir='ltr'>defi-</span> 
     </span>
     <span class='ocr_line' id='line_1_3' title="bbox 179 538 2338 625; baseline -0 -18"><span class='ocrx_word' id='word_1_10' title='bbox 179 544 395 621; x_wconf 85' lang='lat' dir='ltr'>ciunt,</span> <span class='ocrx_word' id='word_1_11' title='bbox 462 541 683 606; x_wconf 88' lang='lat' dir='ltr'>infima</span> <span class='ocrx_word' id='word_1_12' title='bbox 743 543 909 606; x_wconf 80' lang='lat'><strong>1--3</strong></span> <span class='ocrx_word' id='word_1_13' title='bbox 964 552 1236 620; x_wconf 86' lang='lat' dir='ltr'>ternata‚</span> <span class='ocrx_word' id='word_1_14' title='bbox 1282 539 1536 624; x_wconf 87' lang='lat' dir='ltr'>reliqua</span> <span class='ocrx_word' id='word_1_15' title='bbox 1579 538 1926 625; x_wconf 86' lang='lat' dir='ltr'>simplicia,</span> <span class='ocrx_word' id='word_1_16' title='bbox 1972 563 2007 604; x_wconf 91' lang='lat' dir='ltr'>e</span> <span class='ocrx_word' id='word_1_17' title='bbox 2052 541 2338 606; x_wconf 84' lang='lat' dir='ltr'><strong>cordatis</strong></span> 
     </span>
     <span class='ocr_line' id='line_1_4' title="bbox 174 659 2340 749; baseline -0.001 -22"><span class='ocrx_word' id='word_1_18' title='bbox 174 661 436 727; x_wconf 86' lang='lat' dir='ltr'>trilobis</span> <span class='ocrx_word' id='word_1_19' title='bbox 504 661 570 724; x_wconf 92' lang='lat' dir='ltr'>in</span> <span class='ocrx_word' id='word_1_20' title='bbox 638 661 1241 726; x_wconf 81' lang='lat' dir='ltr'>ovato-lanceolata</span> <span class='ocrx_word' id='word_1_21' title='bbox 1290 659 1728 749; x_wconf 20' lang='lat' dir='ltr'>&#39;bracteasque</span> <span class='ocrx_word' id='word_1_22' title='bbox 1794 659 2041 725; x_wconf 87' lang='lat' dir='ltr'>trifidas</span> <span class='ocrx_word' id='word_1_23' title='bbox 2104 660 2340 725; x_wconf 89' lang='lat' dir='ltr'>sensim</span> 
     </span>
     <span class='ocr_line' id='line_1_5' title="bbox 179 778 2340 855; baseline -0.001 -9"><span class='ocrx_word' id='word_1_24' title='bbox 179 781 635 846; x_wconf 78' lang='lat' dir='ltr'>decrescentia.</span> <span class='ocrx_word' id='word_1_25' title='bbox 726 779 967 845; x_wconf 86' lang='lat' dir='ltr'>Omnia</span> <span class='ocrx_word' id='word_1_26' title='bbox 1007 792 1289 845; x_wconf 91' lang='lat' dir='ltr'>ceterum</span> <span class='ocrx_word' id='word_1_27' title='bbox 1331 779 1771 855; x_wconf 77' lang='lat' dir='ltr'>consistentia,</span> <span class='ocrx_word' id='word_1_28' title='bbox 1804 778 2020 844; x_wconf 89' lang='lat' dir='ltr'>colore</span> <span class='ocrx_word' id='word_1_29' title='bbox 2053 790 2115 847; x_wconf 85' lang='lat' dir='ltr'>et</span> <span class='ocrx_word' id='word_1_30' title='bbox 2142 780 2340 844; x_wconf 89' lang='lat' dir='ltr'>vesti-</span> 
     </span>
     <span class='ocr_line' id='line_1_6' title="bbox 179 892 2340 985; baseline -0 -19"><span class='ocrx_word' id='word_1_31' title='bbox 179 911 402 966; x_wconf 90' lang='lat' dir='ltr'>mento</span> <span class='ocrx_word' id='word_1_32' title='bbox 447 899 619 965; x_wconf 81' lang='lat' dir='ltr'>foliis</span> <span class='ocrx_word' id='word_1_33' title='bbox 663 900 994 965; x_wconf 93' lang='lat' dir='ltr'>turionum</span> <span class='ocrx_word' id='word_1_34' title='bbox 1039 892 1292 966; x_wconf 80' lang='lat' dir='ltr'>similia.</span> <span class='ocrx_word' id='word_1_35' title='bbox 1379 900 1608 964; x_wconf 76' lang='lat' dir='ltr'>Petiolz·</span> <span class='ocrx_word' id='word_1_36' title='bbox 1652 909 1715 964; x_wconf 91' lang='lat' dir='ltr'>et</span> <span class='ocrx_word' id='word_1_37' title='bbox 1748 899 1992 985; x_wconf 73' lang='lat' dir='ltr'>stipulae</span> <span class='ocrx_word' id='word_1_38' title='bbox 2027 911 2101 963; x_wconf 92' lang='lat' dir='ltr'>ut</span> <span class='ocrx_word' id='word_1_39' title='bbox 2143 899 2210 962; x_wconf 91' lang='lat' dir='ltr'>in</span> <span class='ocrx_word' id='word_1_40' title='bbox 2239 898 2340 965; x_wconf 81' lang='lat' dir='ltr'>fo-</span> 
     </span>
     <span class='ocr_line' id='line_1_7' title="bbox 177 1018 2338 1109; baseline 0 -25"><span class='ocrx_word' id='word_1_41' title='bbox 177 1019 288 1084; x_wconf 92' lang='lat' dir='ltr'>liis</span> <span class='ocrx_word' id='word_1_42' title='bbox 341 1019 684 1085; x_wconf 89' lang='lat' dir='ltr'>turionum.</span> <span class='ocrx_word' id='word_1_43' title='bbox 771 1021 1229 1109; x_wconf 75' lang='lat' dir='ltr'>Inflorescentia</span> <span class='ocrx_word' id='word_1_44' title='bbox 1270 1018 1475 1084; x_wconf 82' lang='lat' dir='ltr'>varia:</span> <span class='ocrx_word' id='word_1_45' title='bbox 1519 1040 1720 1095; x_wconf 89' lang='lat' dir='ltr'>nunc,</span> <span class='ocrx_word' id='word_1_46' title='bbox 1763 1019 1832 1082; x_wconf 91' lang='lat' dir='ltr'>in</span> <span class='ocrx_word' id='word_1_47' title='bbox 1877 1019 2338 1104; x_wconf 81' lang='lat' dir='ltr'>speciminibus</span> 
     </span>
     <span class='ocr_line' id='line_1_8' title="bbox 180 1138 2339 1226; baseline 0 -24"><span class='ocrx_word' id='word_1_48' title='bbox 180 1141 430 1218; x_wconf 54' lang='lat' dir='ltr'>macria</span> <span class='ocrx_word' id='word_1_49' title='bbox 463 1139 738 1225; x_wconf 85' lang='lat' dir='ltr'>simplex</span> <span class='ocrx_word' id='word_1_50' title='bbox 762 1140 1218 1226; x_wconf 78' lang='lat' dir='ltr'>depauperata,</span> <span class='ocrx_word' id='word_1_51' title='bbox 1243 1138 1522 1225; x_wconf 87' lang='lat' dir='ltr'>aphylla‚</span> <span class='ocrx_word' id='word_1_52' title='bbox 1546 1160 1917 1203; x_wconf 89' lang='lat' dir='ltr'>racemoso-</span> <span class='ocrx_word' id='word_1_53' title='bbox 1933 1138 2339 1224; x_wconf 86' lang='lat' dir='ltr'>corymbosa,</span> 
     </span>
     <span class='ocr_line' id='line_1_9' title="bbox 179 1258 2340 1345; baseline 0 -23"><span class='ocrx_word' id='word_1_54' title='bbox 179 1280 387 1336; x_wconf 88' lang='lat' dir='ltr'>nunc,</span> <span class='ocrx_word' id='word_1_55' title='bbox 432 1258 500 1322; x_wconf 91' lang='lat' dir='ltr'>in</span> <span class='ocrx_word' id='word_1_56' title='bbox 542 1258 754 1345; x_wconf 84' lang='lat' dir='ltr'>magis</span> <span class='ocrx_word' id='word_1_57' title='bbox 800 1260 1093 1337; x_wconf 78' lang='lat' dir='ltr'>evoluti8‚</span> <span class='ocrx_word' id='word_1_58' title='bbox 1141 1258 1355 1345; x_wconf 87' lang='lat' dir='ltr'>ampla</span> <span class='ocrx_word' id='word_1_59' title='bbox 1393 1258 1752 1344; x_wconf 88' lang='lat' dir='ltr'>composita</span> <span class='ocrx_word' id='word_1_60' title='bbox 1796 1268 1858 1322; x_wconf 89' lang='lat' dir='ltr'>et</span> <span class='ocrx_word' id='word_1_61' title='bbox 1886 1258 2077 1322; x_wconf 89' lang='lat' dir='ltr'>valde</span> <span class='ocrx_word' id='word_1_62' title='bbox 2105 1258 2340 1323; x_wconf 83' lang='lat' dir='ltr'>foliosa</span> 
     </span>
     <span class='ocr_line' id='line_1_10' title="bbox 183 1376 2338 1471; baseline 0 -30"><span class='ocrx_word' id='word_1_63' title='bbox 183 1377 402 1463; x_wconf 91' lang='lat' dir='ltr'>(apice</span> <span class='ocrx_word' id='word_1_64' title='bbox 446 1388 693 1471; x_wconf 76' lang='lat' dir='ltr'>tantum</span> <span class='ocrx_word' id='word_1_65' title='bbox 737 1378 1052 1465; x_wconf 85' lang='lat' dir='ltr'>aphylla),</span> <span class='ocrx_word' id='word_1_66' title='bbox 1097 1377 1295 1443; x_wconf 89' lang='lat' dir='ltr'>ramis</span> <span class='ocrx_word' id='word_1_67' title='bbox 1340 1376 1710 1463; x_wconf 89' lang='lat' dir='ltr'>patentibus</span> <span class='ocrx_word' id='word_1_68' title='bbox 1747 1377 2135 1442; x_wconf 87' lang='lat' dir='ltr'>3—7-fioris</span> <span class='ocrx_word' id='word_1_69' title='bbox 2165 1400 2338 1441; x_wconf 86' lang='lat' dir='ltr'>race-</span> 
     </span>
     <span class='ocr_line' id='line_1_11' title="bbox 178 1497 2338 1584; baseline 0.001 -24"><span class='ocrx_word' id='word_1_70' title='bbox 178 1497 841 1581; x_wconf 89' lang='lat' dir='ltr'>moso-corymbosis.</span> <span class='ocrx_word' id='word_1_71' title='bbox 928 1499 1268 1562; x_wconf 81' lang='lat' dir='ltr'>Peduneuli</span> <span class='ocrx_word' id='word_1_72' title='bbox 1309 1508 1596 1584; x_wconf 87' lang='lat' dir='ltr'>patentes</span> <span class='ocrx_word' id='word_1_73' title='bbox 1643 1497 1880 1561; x_wconf 84' lang='lat' dir='ltr'>aculeis</span> <span class='ocrx_word' id='word_1_74' title='bbox 1919 1497 2162 1561; x_wconf 86' lang='lat' dir='ltr'>&#39;conicis</span> <span class='ocrx_word' id='word_1_75' title='bbox 2195 1520 2338 1562; x_wconf 93' lang='lat' dir='ltr'>cur-</span> 
     </span>
     <span class='ocr_line' id='line_1_12' title="bbox 136 1616 2335 1704; baseline 0 -24"><span class='ocrx_word' id='word_1_76' title='bbox 136 1648 141 1651; x_wconf 92' lang='lat'>·</span> <span class='ocrx_word' id='word_1_77' title='bbox 180 1616 348 1680; x_wconf 88' lang='lat' dir='ltr'>vatis</span> <span class='ocrx_word' id='word_1_78' title='bbox 406 1616 450 1681; x_wconf 96' lang='lat' dir='ltr'>l.</span> <span class='ocrx_word' id='word_1_79' title='bbox 516 1616 911 1681; x_wconf 87' lang='lat' dir='ltr'>rectiusculis</span> <span class='ocrx_word' id='word_1_80' title='bbox 979 1618 1238 1696; x_wconf 90' lang='lat' dir='ltr'>muniti,</span> <span class='ocrx_word' id='word_1_81' title='bbox 1306 1618 1676 1704; x_wconf 83' lang='lat' dir='ltr'>glandulosi</span> <span class='ocrx_word' id='word_1_82' title='bbox 1743 1629 1805 1680; x_wconf 90' lang='lat' dir='ltr'>et</span> <span class='ocrx_word' id='word_1_83' title='bbox 1849 1616 2335 1682; x_wconf 87' lang='lat' dir='ltr'>subtomentosi.</span> 
     </span>
     <span class='ocr_line' id='line_1_13' title="bbox 179 1734 2339 1821; baseline -0.002 -20"><span class='ocrx_word' id='word_1_84' title='bbox 179 1738 471 1802; x_wconf 77' lang='lat' dir='ltr'>Braeteae</span> <span class='ocrx_word' id='word_1_85' title='bbox 511 1736 885 1801; x_wconf 83' lang='lat' dir='ltr'>lanceolatae</span> <span class='ocrx_word' id='word_1_86' title='bbox 931 1736 1156 1800; x_wconf 87' lang='lat' dir='ltr'>trifidae</span> <span class='ocrx_word' id='word_1_87' title='bbox 1200 1737 1242 1801; x_wconf 97' lang='lat' dir='ltr'>l.</span> <span class='ocrx_word' id='word_1_88' title='bbox 1286 1737 1583 1821; x_wconf 65' lang='lat' dir='ltr'>integrae,</span> <span class='ocrx_word' id='word_1_89' title='bbox 1630 1747 2004 1801; x_wconf 80' lang='lat' dir='ltr'>tomentosae</span> <span class='ocrx_word' id='word_1_90' title='bbox 2049 1746 2111 1799; x_wconf 92' lang='lat' dir='ltr'>et</span> <span class='ocrx_word' id='word_1_91' title='bbox 2154 1734 2339 1820; x_wconf 84' lang='lat' dir='ltr'>glan-</span> 
     </span>
     <span class='ocr_line' id='line_1_14' title="bbox 181 1854 2339 1943; baseline -0.001 -23"><span class='ocrx_word' id='word_1_92' title='bbox 181 1855 449 1934; x_wconf 83' lang='lat' dir='ltr'>dulosae.</span> <span class='ocrx_word' id='word_1_93' title='bbox 536 1855 752 1920; x_wconf 68' lang='lat' dir='ltr'>Floras</span> <span class='ocrx_word' id='word_1_94' title='bbox 823 1855 1198 1921; x_wconf 87' lang='lat' dir='ltr'>mediocres.</span> <span class='ocrx_word' id='word_1_95' title='bbox 1310 1856 1541 1943; x_wconf 78' lang='lat' dir='ltr'>Sepala</span> <span class='ocrx_word' id='word_1_96' title='bbox 1597 1856 2089 1933; x_wconf 84' lang='lat' dir='ltr'>ovato-ovalia,</span> <span class='ocrx_word' id='word_1_97' title='bbox 2133 1854 2339 1918; x_wconf 89' lang='lat' dir='ltr'>viride</span> 
     </span>
     <span class='ocr_line' id='line_1_15' title="bbox 180 1974 2339 2061; baseline -0 -23"><span class='ocrx_word' id='word_1_98' title='bbox 180 1976 1015 2053; x_wconf 88' lang='lat' dir='ltr'>mucronato-acuminata,</span> <span class='ocrx_word' id='word_1_99' title='bbox 1076 1975 1198 2039; x_wconf 90' lang='lat' dir='ltr'>sub</span> <span class='ocrx_word' id='word_1_100' title='bbox 1255 1975 1504 2039; x_wconf 90' lang='lat' dir='ltr'>anthesi</span> <span class='ocrx_word' id='word_1_101' title='bbox 1547 1974 1855 2061; x_wconf 87' lang='lat' dir='ltr'>patentia,</span> <span class='ocrx_word' id='word_1_102' title='bbox 1903 1976 2163 2039; x_wconf 90' lang='lat' dir='ltr'>demum</span> <span class='ocrx_word' id='word_1_103' title='bbox 2204 1975 2339 2038; x_wconf 88' lang='lat' dir='ltr'>fru-</span> 
     </span>
     <span class='ocr_line' id='line_1_16' title="bbox 184 2070 2339 2181; baseline 0 -23"><span class='ocrx_word' id='word_1_104' title='bbox 184 2093 316 2158; x_wconf 89' lang='lat' dir='ltr'>ctui</span> <span class='ocrx_word' id='word_1_105' title='bbox 359 2095 814 2159; x_wconf 87' lang='lat' dir='ltr'>maturescenti</span> <span class='ocrx_word' id='word_1_106' title='bbox 860 2094 1321 2181; x_wconf 85' lang='lat' dir='ltr'>subadpressa,</span> <span class='ocrx_word' id='word_1_107' title='bbox 1377 2070 1546 2159; x_wconf 82' lang='lat' dir='ltr'>intus</span> <span class='ocrx_word' id='word_1_108' title='bbox 1595 2105 1655 2158; x_wconf 93' lang='lat' dir='ltr'>et</span> <span class='ocrx_word' id='word_1_109' title='bbox 1699 2095 1991 2180; x_wconf 86' lang='lat' dir='ltr'>margine</span> <span class='ocrx_word' id='word_1_110' title='bbox 2037 2093 2339 2158; x_wconf 86' lang='lat' dir='ltr'>albo-to-</span> 
     </span>
     <span class='ocr_line' id='line_1_17' title="bbox 180 2213 2336 2301; baseline 0 -24"><span class='ocrx_word' id='word_1_111' title='bbox 180 2224 511 2291; x_wconf 89' lang='lat' dir='ltr'>mentosa‚</span> <span class='ocrx_word' id='word_1_112' title='bbox 557 2225 742 2279; x_wconf 87' lang='lat' dir='ltr'>extus</span> <span class='ocrx_word' id='word_1_113' title='bbox 787 2213 1440 2279; x_wconf 86' lang='lat' dir='ltr'>viridi-canescentia</span> <span class='ocrx_word' id='word_1_114' title='bbox 1482 2215 1522 2278; x_wconf 91' lang='lat' dir='ltr'>l.</span> <span class='ocrx_word' id='word_1_115' title='bbox 1567 2213 1636 2279; x_wconf 93' lang='lat' dir='ltr'>in</span> <span class='ocrx_word' id='word_1_116' title='bbox 1676 2214 1910 2301; x_wconf 87' lang='lat' dir='ltr'>apricis</span> <span class='ocrx_word' id='word_1_117' title='bbox 1956 2224 2336 2292; x_wconf 88' lang='lat' dir='ltr'>tomentosa,</span> 
     </span>
     <span class='ocr_line' id='line_1_18' title="bbox 180 2332 2339 2420; baseline 0 -25"><span class='ocrx_word' id='word_1_118' title='bbox 180 2334 543 2419; x_wconf 76' lang='lat' dir='ltr'>praesertim</span> <span class='ocrx_word' id='word_1_119' title='bbox 609 2335 691 2398; x_wconf 88' lang='lat' dir='ltr'>ad</span> <span class='ocrx_word' id='word_1_120' title='bbox 750 2333 939 2398; x_wconf 87' lang='lat' dir='ltr'>basin</span> <span class='ocrx_word' id='word_1_121' title='bbox 985 2334 1373 2420; x_wconf 84' lang='lat' dir='ltr'>glandulosa</span> <span class='ocrx_word' id='word_1_122' title='bbox 1417 2347 1478 2398; x_wconf 90' lang='lat' dir='ltr'>et</span> <span class='ocrx_word' id='word_1_123' title='bbox 1523 2332 1891 2399; x_wconf 86' lang='lat' dir='ltr'>aculeolata.</span> <span class='ocrx_word' id='word_1_124' title='bbox 1979 2335 2202 2399; x_wconf 70' lang='lat' dir='ltr'>Patala</span> <span class='ocrx_word' id='word_1_125' title='bbox 2245 2333 2339 2396; x_wconf 89' lang='lat' dir='ltr'>al-</span> 
     </span>
     <span class='ocr_line' id='line_1_19' title="bbox 181 2451 2337 2541; baseline 0.001 -27"><span class='ocrx_word' id='word_1_126' title='bbox 181 2451 341 2516; x_wconf 88' lang='lat' dir='ltr'>bida</span> <span class='ocrx_word' id='word_1_127' title='bbox 381 2453 423 2517; x_wconf 93' lang='lat' dir='ltr'>l.</span> <span class='ocrx_word' id='word_1_128' title='bbox 471 2452 669 2517; x_wconf 92' lang='lat' dir='ltr'>dilute</span> <span class='ocrx_word' id='word_1_129' title='bbox 712 2476 931 2530; x_wconf 86' lang='lat' dir='ltr'>rosea,</span> <span class='ocrx_word' id='word_1_130' title='bbox 979 2454 1213 2541; x_wconf 88' lang='lat' dir='ltr'>sepalis</span> <span class='ocrx_word' id='word_1_131' title='bbox 1257 2455 1538 2540; x_wconf 84' lang='lat' dir='ltr'>majora,</span> <span class='ocrx_word' id='word_1_132' title='bbox 1585 2453 2025 2520; x_wconf 86' lang='lat' dir='ltr'>ovato-ovalia</span> <span class='ocrx_word' id='word_1_133' title='bbox 2053 2452 2093 2517; x_wconf 93' lang='lat' dir='ltr'>l.</span> <span class='ocrx_word' id='word_1_134' title='bbox 2129 2464 2337 2531; x_wconf 88' lang='lat' dir='ltr'>ovata,</span> 
     </span>
     <span class='ocr_line' id='line_1_20' title="bbox 181 2571 2337 2660; baseline 0 -25"><span class='ocrx_word' id='word_1_135' title='bbox 181 2571 469 2636; x_wconf 89' lang='lat' dir='ltr'>breviter</span> <span class='ocrx_word' id='word_1_136' title='bbox 510 2572 928 2659; x_wconf 84' lang='lat' dir='ltr'>unguiculata</span> <span class='ocrx_word' id='word_1_137' title='bbox 972 2585 1033 2638; x_wconf 87' lang='lat' dir='ltr'>et</span> <span class='ocrx_word' id='word_1_138' title='bbox 1080 2574 1262 2660; x_wconf 92' lang='lat' dir='ltr'>apice</span> <span class='ocrx_word' id='word_1_139' title='bbox 1309 2573 1743 2659; x_wconf 85' lang='lat' dir='ltr'>emarginata,</span> <span class='ocrx_word' id='word_1_140' title='bbox 1789 2573 2093 2656; x_wconf 87' lang='lat' dir='ltr'>utrinque</span> <span class='ocrx_word' id='word_1_141' title='bbox 2136 2571 2337 2658; x_wconf 92' lang='lat' dir='ltr'>pube-</span> 
     </span>
     <span class='ocr_line' id='line_1_21' title="bbox 181 2691 2341 2780; baseline 0 -25"><span class='ocrx_word' id='word_1_142' title='bbox 181 2691 426 2755; x_wconf 88' lang='lat' dir='ltr'>scentia</span> <span class='ocrx_word' id='word_1_143' title='bbox 484 2703 546 2755; x_wconf 90' lang='lat' dir='ltr'>et</span> <span class='ocrx_word' id='word_1_144' title='bbox 605 2692 832 2757; x_wconf 84' lang='lat' dir='ltr'>ciliata.</span> <span class='ocrx_word' id='word_1_145' title='bbox 920 2694 1268 2760; x_wconf 78' lang='lat' dir='ltr'>Filamenta</span> <span class='ocrx_word' id='word_1_146' title='bbox 1312 2716 1502 2758; x_wconf 88' lang='lat' dir='ltr'>rosea</span> <span class='ocrx_word' id='word_1_147' title='bbox 1546 2694 1728 2779; x_wconf 82' lang='lat' dir='ltr'>stylis</span> <span class='ocrx_word' id='word_1_148' title='bbox 1774 2693 2087 2780; x_wconf 83' lang='lat' dir='ltr'>longiora.</span> <span class='ocrx_word' id='word_1_149' title='bbox 2180 2692 2341 2778; x_wconf 70' lang='lat' dir='ltr'>styli</span> 
     </span>
     <span class='ocr_line' id='line_1_22' title="bbox 182 2810 2337 2899; baseline 0 -25"><span class='ocrx_word' id='word_1_150' title='bbox 182 2810 448 2875; x_wconf 87' lang='lat' dir='ltr'>virides.</span> <span class='ocrx_word' id='word_1_151' title='bbox 533 2811 798 2876; x_wconf 75' lang='lat' dir='ltr'>Fructus</span> <span class='ocrx_word' id='word_1_152' title='bbox 857 2813 978 2877; x_wconf 90' lang='lat' dir='ltr'>atri</span> <span class='ocrx_word' id='word_1_153' title='bbox 1029 2814 1071 2877; x_wconf 92' lang='grc'><strong>1.</strong></span> <span class='ocrx_word' id='word_1_154' title='bbox 1119 2813 1615 2891; x_wconf 85' lang='lat' dir='ltr'>atro-violacei,</span> <span class='ocrx_word' id='word_1_155' title='bbox 1661 2813 1848 2877; x_wconf 90' lang='lat' dir='ltr'>nitidi</span> <span class='ocrx_word' id='word_1_156' title='bbox 1890 2812 2337 2899; x_wconf 85' lang='lat' dir='ltr'>pubescentes,</span> 
     </span>
     <span class='ocr_line' id='line_1_23' title="bbox 183 2929 2337 3019; baseline 0.001 -27"><span class='ocrx_word' id='word_1_157' title='bbox 183 2952 416 3015; x_wconf 91' lang='lat' dir='ltr'>sapore</span> <span class='ocrx_word' id='word_1_158' title='bbox 462 2929 762 2995; x_wconf 91' lang='lat' dir='ltr'>subdulci</span> <span class='ocrx_word' id='word_1_159' title='bbox 804 2932 1112 3017; x_wconf 89' lang='lat' dir='ltr'>pituitoso</span> <span class='ocrx_word' id='word_1_160' title='bbox 1156 2932 1332 2997; x_wconf 89' lang='lat' dir='ltr'>haud</span> <span class='ocrx_word' id='word_1_161' title='bbox 1372 2934 1611 3019; x_wconf 90' lang='lat' dir='ltr'>sapidi,</span> <span class='ocrx_word' id='word_1_162' title='bbox 1643 2933 1843 2997; x_wconf 89' lang='lat' dir='ltr'>acinis</span> <span class='ocrx_word' id='word_1_163' title='bbox 1872 2932 2136 3010; x_wconf 76' lang='lat' dir='ltr'>retusiS,</span> <span class='ocrx_word' id='word_1_164' title='bbox 2169 2930 2337 3015; x_wconf 86' lang='lat' dir='ltr'>stylo</span> 
     </span>
     <span class='ocr_line' id='line_1_24' title="bbox 181 3048 2336 3133; baseline 0.001 -22"><span class='ocrx_word' id='word_1_165' title='bbox 181 3048 581 3133; x_wconf 85' lang='lat' dir='ltr'>persistente.</span> <span class='ocrx_word' id='word_1_166' title='bbox 627 3088 709 3096; x_wconf 88' lang='lat'>—-</span> <span class='ocrx_word' id='word_1_167' title='bbox 754 3050 977 3116; x_wconf 86' lang='lat' dir='ltr'>Floret</span> <span class='ocrx_word' id='word_1_168' title='bbox 1021 3075 1240 3117; x_wconf 90' lang='lat' dir='ltr'>mense</span> <span class='ocrx_word' id='word_1_169' title='bbox 1283 3050 1479 3132; x_wconf 80' lang='lat' dir='ltr'>Julii.</span> <span class='ocrx_word' id='word_1_170' title='bbox 1529 3063 1594 3116; x_wconf 88' lang='lat' dir='ltr'>at</span> <span class='ocrx_word' id='word_1_171' title='bbox 1634 3053 1878 3117; x_wconf 80' lang='lat' dir='ltr'>fructus</span> <span class='ocrx_word' id='word_1_172' title='bbox 1925 3075 2066 3117; x_wconf 91' lang='lat' dir='ltr'>sero</span> <span class='ocrx_word' id='word_1_173' title='bbox 2099 3062 2159 3115; x_wconf 94' lang='lat' dir='ltr'>et</span> <span class='ocrx_word' id='word_1_174' title='bbox 2187 3073 2336 3115; x_wconf 87' lang='lat' dir='ltr'>raro</span> 
     </span>
     <span class='ocr_line' id='line_1_25' title="bbox 180 3178 636 3232; baseline 0.007 -3"><span class='ocrx_word' id='word_1_175' title='bbox 180 3178 636 3232; x_wconf 89' lang='lat' dir='ltr'>maturescunt.</span> 
     </span>
    </p>

    <p class='ocr_par' dir='ltr' id='par_1_3' title="bbox 181 3286 2338 3974">
     <span class='ocr_line' id='line_1_26' title="bbox 304 3286 2338 3378; baseline 0.002 -28"><span class='ocrx_word' id='word_1_176' title='bbox 304 3286 526 3351; x_wconf 88' lang='lat' dir='ltr'>Bland</span> <span class='ocrx_word' id='word_1_177' title='bbox 571 3288 652 3353; x_wconf 92' lang='lat' dir='ltr'>de</span> <span class='ocrx_word' id='word_1_178' title='bbox 696 3295 932 3378; x_wconf 69' lang='lat' dir='ltr'>manga</span> <span class='ocrx_word' id='word_1_179' title='bbox 975 3291 1358 3357; x_wconf 87' lang='lat' dir='ltr'>intressanta</span> <span class='ocrx_word' id='word_1_180' title='bbox 1402 3293 1667 3370; x_wconf 87' lang='lat' dir='ltr'>former,</span> <span class='ocrx_word' id='word_1_181' title='bbox 1712 3292 1863 3355; x_wconf 90' lang='lat' dir='ltr'>med</span> <span class='ocrx_word' id='word_1_182' title='bbox 1905 3291 2126 3357; x_wconf 86' lang='lat' dir='ltr'>hvilka</span> <span class='ocrx_word' id='word_1_183' title='bbox 2166 3291 2338 3377; x_wconf 71' lang='lat' dir='ltr'>slag-</span> 
     </span>
     <span class='ocr_line' id='line_1_27' title="bbox 182 3405 2336 3497; baseline 0.002 -28"><span class='ocrx_word' id='word_1_184' title='bbox 182 3416 271 3469; x_wconf 87' lang='lat' dir='ltr'>tet</span> <span class='ocrx_word' id='word_1_185' title='bbox 311 3405 544 3471; x_wconf 88' lang='lat' dir='ltr'>Rubus</span> <span class='ocrx_word' id='word_1_186' title='bbox 590 3410 946 3495; x_wconf 69' lang='lat' dir='ltr'>upptrader</span> <span class='ocrx_word' id='word_1_187' title='bbox 973 3412 996 3475; x_wconf 97' lang='lat' dir='ltr'>i</span> <span class='ocrx_word' id='word_1_188' title='bbox 1029 3417 1147 3475; x_wconf 72' lang='lat' dir='ltr'>var</span> <span class='ocrx_word' id='word_1_189' title='bbox 1177 3411 1522 3497; x_wconf 71' lang='lat' dir='ltr'>skargard‚</span> <span class='ocrx_word' id='word_1_190' title='bbox 1555 3423 1627 3475; x_wconf 75' lang='lat' dir='ltr'>ar</span> <span class='ocrx_word' id='word_1_191' title='bbox 1657 3413 1785 3477; x_wconf 89' lang='lat' dir='ltr'>den</span> <span class='ocrx_word' id='word_1_192' title='bbox 1817 3411 2336 3476; x_wconf 85' lang='lat' dir='ltr'>ofvanbeskrifne</span> 
     </span>
     <span class='ocr_line' id='line_1_28' title="bbox 182 3525 2336 3614; baseline 0.001 -24"><span class='ocrx_word' id='word_1_193' title='bbox 182 3525 656 3614; x_wconf 84' lang='lat' dir='ltr'>otvifvelaktigt</span> <span class='ocrx_word' id='word_1_194' title='bbox 700 3529 824 3592; x_wconf 90' lang='lat' dir='ltr'>den</span> <span class='ocrx_word' id='word_1_195' title='bbox 867 3531 1308 3597; x_wconf 71' lang='lat' dir='ltr'>utmarktaste.</span> <span class='ocrx_word' id='word_1_196' title='bbox 1400 3531 1655 3597; x_wconf 87' lang='lat' dir='ltr'>Genom</span> <span class='ocrx_word' id='word_1_197' title='bbox 1701 3531 2066 3597; x_wconf 88' lang='lat' dir='ltr'>distinctiva</span> <span class='ocrx_word' id='word_1_198' title='bbox 2109 3529 2336 3594; x_wconf 87' lang='lat' dir='ltr'>karak-</span> 
     </span>
     <span class='ocr_line' id='line_1_29' title="bbox 181 3646 2334 3736; baseline 0.004 -28"><span class='ocrx_word' id='word_1_199' title='bbox 181 3658 349 3710; x_wconf 89' lang='lat' dir='ltr'>terer</span> <span class='ocrx_word' id='word_1_200' title='bbox 392 3646 502 3709; x_wconf 71' lang='lat' dir='ltr'>val</span> <span class='ocrx_word' id='word_1_201' title='bbox 546 3646 742 3731; x_wconf 89' lang='lat' dir='ltr'>skiljd</span> <span class='ocrx_word' id='word_1_202' title='bbox 786 3648 930 3713; x_wconf 72' lang='lat' dir='ltr'>fran</span> <span class='ocrx_word' id='word_1_203' title='bbox 976 3650 1100 3714; x_wconf 87' lang='lat' dir='ltr'>alla</span> <span class='ocrx_word' id='word_1_204' title='bbox 1143 3650 1510 3729; x_wconf 86' lang='lat' dir='ltr'>inhemska,</span> <span class='ocrx_word' id='word_1_205' title='bbox 1558 3674 1709 3736; x_wconf 86' lang='lat' dir='ltr'>eger</span> <span class='ocrx_word' id='word_1_206' title='bbox 1740 3652 1865 3715; x_wconf 90' lang='lat' dir='ltr'>den</span> <span class='ocrx_word' id='word_1_207' title='bbox 1893 3651 2060 3715; x_wconf 88' lang='lat' dir='ltr'>blott</span> <span class='ocrx_word' id='word_1_208' title='bbox 2090 3675 2170 3716; x_wconf 91' lang='lat' dir='ltr'>en</span> <span class='ocrx_word' id='word_1_209' title='bbox 2201 3650 2334 3716; x_wconf 91' lang='lat' dir='ltr'>viss</span> 
     </span>
     <span class='ocr_line' id='line_1_30' title="bbox 184 3766 2335 3853; baseline 0.003 -25"><span class='ocrx_word' id='word_1_210' title='bbox 184 3766 443 3853; x_wconf 81' lang='lat' dir='ltr'>analogi</span> <span class='ocrx_word' id='word_1_211' title='bbox 510 3767 659 3830; x_wconf 90' lang='lat' dir='ltr'>med</span> <span class='ocrx_word' id='word_1_212' title='bbox 722 3768 943 3833; x_wconf 75' lang='lat' dir='ltr'>Bubus</span> <span class='ocrx_word' id='word_1_213' title='bbox 1001 3771 1288 3835; x_wconf 73' lang='lat' dir='ltr'>horridus</span> <span class='ocrx_word' id='word_1_214' title='bbox 1331 3770 1498 3850; x_wconf 89' lang='lat' dir='ltr'>Hn.,</span> <span class='ocrx_word' id='word_1_215' title='bbox 1545 3794 1713 3848; x_wconf 89' lang='lat' dir='ltr'>som,</span> <span class='ocrx_word' id='word_1_216' title='bbox 1758 3770 2070 3836; x_wconf 89' lang='lat' dir='ltr'>likaledes</span> <span class='ocrx_word' id='word_1_217' title='bbox 2117 3771 2335 3836; x_wconf 72' lang='lat' dir='ltr'>okand</span> 
     </span>
     <span class='ocr_line' id='line_1_31' title="bbox 181 3882 2335 3974; baseline 0.003 -27"><span class='ocrx_word' id='word_1_218' title='bbox 181 3896 363 3949; x_wconf 88' lang='lat' dir='ltr'>utom</span> <span class='ocrx_word' id='word_1_219' title='bbox 425 3882 730 3972; x_wconf 83' lang='lat' dir='ltr'>Sverige,</span> <span class='ocrx_word' id='word_1_220' title='bbox 787 3888 953 3953; x_wconf 89' lang='lat' dir='ltr'>intar</span> <span class='ocrx_word' id='word_1_221' title='bbox 1012 3912 1092 3954; x_wconf 91' lang='lat' dir='ltr'>en</span> <span class='ocrx_word' id='word_1_222' title='bbox 1145 3888 1280 3954; x_wconf 86' lang='lat' dir='ltr'>lika</span> <span class='ocrx_word' id='word_1_223' title='bbox 1323 3892 1515 3974; x_wconf 85' lang='lat' dir='ltr'>rymd</span> <span class='ocrx_word' id='word_1_224' title='bbox 1558 3891 1769 3958; x_wconf 86' lang='lat' dir='ltr'>under</span> <span class='ocrx_word' id='word_1_225' title='bbox 1816 3912 2061 3954; x_wconf 89' lang='lat' dir='ltr'>samma</span> <span class='ocrx_word' id='word_1_226' title='bbox 2101 3889 2335 3954; x_wconf 83' lang='lat' dir='ltr'>latitud</span> 
     </span>
    </p>
   </div>
  </div>
 </body>
</html>
