2738 4469
530 302 612 365 10

443 453 848 540 spithamaea,
914 452 2071 540 pubescente-glanduloso-viscida,
2127 454 2353 537 junior
2393 453 2601 518 flave-

441 571 927 638 scenti-viridis
995 571 1182 636 caule
1241 573 1634 652 rufescente,
1690 595 2090 638 marcescens
2137 573 2419 657 denique
2464 582 2605 636 tota

440 692 813 756 flavescens.
858 690 1235 774 Numquam
1275 715 1314 755 a
1342 693 1505 755 mari
1536 704 1854 757 remotum
1886 691 2169 771 obvenit,
2200 713 2336 768 nec,
2369 712 2603 775 quam-

441 811 538 875 vis
583 810 742 875 locis
787 809 1282 874 humidiusculis
1329 821 1617 888 enatum,
1664 809 2077 895 glabrescens
2123 811 2164 874 l.
2212 809 2601 897 eglandulo·

443 953 608 994 sum.
695 927 922 1040 lxlinus
969 946 1284 1008 ceterum,
1332 951 1528 1014 quam
1561 930 1809 1009 affinia,
1856 941 1953 994 est
1989 929 2320 994 mutabile.
2386 928 2467 993 In
2495 929 2603 993 in-

440 1049 621 1113 finita
682 1050 818 1113 fere
885 1049 1311 1135 speciminum
1379 1049 1595 1135 copia,
1656 1071 1799 1134 quae
1844 1049 1993 1117 viva
2037 1073 2072 1114 e
2117 1049 2390 1114 diversis
2433 1048 2600 1114 locis

443 1168 982 1245 examinavimus,
1030 1168 1431 1233 characteres
1478 1192 1680 1254 supra
1723 1152 1949 1234 allatos
1996 1192 2252 1255 semper
2297 1178 2602 1233 constan-

439 1299 569 1365 tes,
630 1310 751 1352 nec
809 1289 998 1367 aliaS,
1059 1311 1255 1372 quam
1314 1310 1461 1371 quae
1505 1287 1967 1373 magnitudinis
2015 1299 2194 1366 sunt,
2255 1287 2601 1353 modifica-

440 1407 646 1471 tiones
679 1409 1060 1493 reperimus.

567 1526 747 1590 Inter
792 1525 1088 1592 Cerastia
1114 1527 1387 1614 fuyacia
1431 1525 1579 1610 (cfr.
1607 1525 1800 1590 ans
1830 1526 1995 1592 Nov.
2029 1530 2086 1590 2.
2120 1527 2273 1611 130)
2304 1536 2606 1590 nostrum

444 1657 541 1710 est
596 1646 877 1710 maxime
931 1646 1216 1731 insigne,
1263 1645 1343 1710 ab
1384 1646 1484 1711 his
1530 1645 1829 1711 omnibus
1860 1647 2073 1732 primo
2104 1645 2336 1711 obtutu
2368 1644 2603 1709 distin-

442 1776 616 1829 ctum
661 1765 939 1830 caulibus
983 1789 1139 1852 soepe
1180 1767 1322 1830 inde
1379 1791 1419 1829 a
1463 1767 1597 1830 basi
1639 1768 1705 1829 in
1749 1790 1985 1852 cymam
2009 1766 2315 1852 folio-sam
2360 1765 2601 1843 soluti&

441 1884 822 1971 pedunculis
868 1887 1178 1973 defloratis
1206 1887 1387 1950 rectis
1400 1886 1871 1973 fructiferisque
1898 1908 2129 1971 semper
2157 1886 2395 1962 medie,
2427 1884 2604 1948 elon·

443 2005 608 2090 gatis
653 2018 933 2069 ceterum
979 2016 1040 2068 et
1085 2005 1356 2090 sparsis,
1403 2005 1578 2068 unde
1623 2003 2125 2080 inflorescentia‚
2173 2026 2368 2087 quam
2402 2003 2468 2067 in
2498 2026 2600 2068 re-

442 2123 668 2207 liquis,
713 2126 920 2189 rarior
961 2124 1034 2188 fit
1077 2136 1268 2206 atque
1311 2124 1590 2188 solutior.
1678 2123 1747 2187 A
1801 2122 2071 2187 Cerastz'o
2104 2124 2350 2208 pumilo
2392 2119 2602 2193 Curt..

446 2266 591 2307 cum
639 2266 767 2327 quo
815 2268 853 2308 a
894 2244 1224 2330 plerisque
1270 2255 1718 2321 commutatur,
1766 2243 1845 2307 de
1891 2254 2099 2306 cetero
2145 2243 2336 2329 plane
2383 2242 2607 2307 differt

445 2365 699 2428 bracteis
768 2366 1046 2429 omnibus
1112 2365 1417 2428 herbaceis
1485 2365 1869 2446 (numquam
1928 2362 2194 2426 summis
2241 2360 2601 2447 scaricsis),

446 2482 841 2567 capsulaque
886 2483 1181 2548 breviore
1228 2493 1290 2547 et
1332 2484 1568 2548 lineam
1610 2494 1838 2547 rectam
1889 2505 2036 2545 cum
2088 2481 2407 2568 pedicello
2467 2480 2603 2544 for-

443 2613 674 2666 mante.
2169 2673 2173 2677 Δ

569 2720 674 2785 Fa
717 2733 951 2786 vaxter
993 2721 1188 2785 hafva
1230 2720 1444 2785 blifvit
1486 2720 1583 2784 till
1625 2722 1752 2786 den
1796 2723 1962 2807 grad
2007 2719 2430 2785 fbrblandade
2478 2718 2606 2782 och

443 2840 848 2917 misskanda,
897 2864 1037 2905 som
1084 2842 1312 2905 denna.
1403 2838 1702 2905 Orsaken
1749 2840 1964 2905 dertill
2009 2852 2085 2904 ar
2128 2850 2217 2903 att
2261 2837 2421 2902 sfika
2460 2836 2602 2901 dels

443 2958 563 3024 hos
606 2960 1049 3045 upptackaren
1081 2961 1252 3044 sjelf‚
1284 2959 1479 3024 hvars
1513 2961 1848 3024 auctoritet
1880 2959 2117 3023 forledt
2146 2958 2305 3021 hans
2340 2956 2602 3022 afskrif-

444 3103 603 3144 vare
649 3092 738 3143 att
778 3081 1220 3166 reproducera
1264 3079 1345 3143 de
1391 3080 1692 3164 misstag,
1737 3079 1867 3142 han
1910 3076 2165 3163 begatt,
2212 3077 2348 3141 dels
2378 3076 2401 3139 i
2434 3087 2602 3139 vax-

444 3211 584 3264 tens
632 3198 1104 3285 sallsynthet*),
1148 3198 1571 3285 hvarigenom
1593 3199 1676 3283 {fa
1704 3198 2035 3261 fssrfattare
2065 3198 2201 3260 haft
2230 3193 2479 3260 tillfalle
2510 3205 2605 3258 att

444 3319 714 3383 studera
759 3321 1134 3385 densamma
1175 3298 1496 3383 lefvande.
1585 3316 1830 3381 Likval
1874 3317 2068 3381 has-va
2104 3321 2363 3401 manga,
2396 3315 2606 3401 enligt

590 3525 643 3588 *)
679 3530 830 3577 Utom
885 3529 1318 3589 thcborgsbarna
1364 3529 1690 3576 fcrekommer
1734 3529 1830 3575 den
1875 3529 2007 3575 blott
2040 3526 2105 3588 pa
2157 3529 2320 3573 Manoe
2354 3528 2448 3573 och
2483 3526 2608 3589 Lyce

445 3634 534 3681 vid
585 3632 808 3694 Slesvig.
859 3639 986 3680 samt
1019 3631 1084 3693 pz‘z
1120 3630 1272 3693 nz‘igra
1304 3634 1523 3692 punkter
1558 3631 1612 3678 af
1646 3630 1947 3689 Skottlands,
1985 3630 2261 3691 Enylands,
2300 3630 2606 3676 Frankrikes

445 3737 540 3782 och
577 3736 815 3796 Spaniens
850 3737 1038 3783 kuster.
1098 3736 1269 3794 Enligt
1303 3741 1376 3782 ett
1409 3735 1661 3793 exemplar
1684 3734 1701 3779 i
1724 3733 1879 3779 Paris·
1904 3733 2135 3779 Museum
2158 3728 2269 3778 frfin
2293 3705 2421 3778 Prof.
2445 3732 2604 3793 myst,

445 3839 604 3884 under
640 3835 729 3883 “C.
765 3835 1036 3897 glutinosi“
1074 3852 1244 3896 namn,
1281 3840 1408 3884 larer
1442 3837 1539 3883 den
1572 3836 1720 3883 afven
1755 3835 2055 3883 ffirekomma
2089 3831 2154 3895 pfl
2178 3831 2340 3894 nagon
2365 3836 2529 3893 punkt
2554 3834 2611 3882 af

445 3939 643 3987 Nor-eka
676 3941 871 3985 kusten.
