2738 4469
2114 317 2200 384 23

268 471 408 557 Fiq.
455 469 619 536 Tab.
665 493 726 534 n.
770 469 844 535 H
884 469 992 552 fig.
1039 472 1097 533 2.

267 592 434 658 Hah.
479 591 547 655 in
589 589 825 656 litorib.
871 590 1132 657 marinis
1176 589 1479 655 Bakusioe
1522 600 1585 654 et
1626 589 1992 656 Hallandioe
2041 588 2281 657 boreal.

127 710 382 797 passim
427 711 719 797 copiosa,
764 710 832 774 in
867 709 1186 796 Norveyia
1216 709 1596 775 australiore
1624 710 1852 790 rarior,
1882 721 1957 775 ut
1986 711 2071 775 ad
2100 711 2283 776 Jom-

110 832 397 919 fruland
438 841 502 896 et
552 829 888 895 Grimstad.

267 950 488 1016 Descr.
531 951 752 1015 Radia>
795 971 1025 1014 annua.
1123 948 1335 1015 Caulis·
1376 949 1720 1036 primarius
1754 949 2137 1036 plerumque
2168 950 2284 1017 ab·

129 1070 503 1150 breviatus,
570 1070 969 1136 adscendens
989 1118 1006 1148 ‚
1073 1069 1356 1134 sulcatus
1419 1080 1482 1134 et
1522 1069 1883 1150 flexuosus,
1928 1070 2173 1136 inferne
2216 1073 2284 1137 in

127 1213 355 1257 ramos
423 1189 840 1269 divaricatOS‚
909 1189 1213 1267 diffusos,
1281 1190 1452 1253 1-4
1513 1190 1662 1277 ped.
1727 1190 1958 1277 longos
2015 1191 2284 1257 divisus,

128 1311 328 1377 Folia
383 1312 682 1399 inferiora
724 1308 1505 1408 'hastato-triangularia,
1560 1331 1741 1395 aeque
1784 1311 1915 1375 lata
1956 1334 2030 1376 ac
2072 1312 2286 1399 longa,
2317 1400 2318 1403 Ἴ
2433 1378 2436 1383 ,

132 1430 287 1496 basi
330 1431 561 1496 leviter
604 1429 1023 1507 subcordata‚
1067 1427 1236 1494 lobis
1290 1428 1618 1494 latissimis
1665 1428 2004 1497 subbifidis
2033 1443 2287 1496 rectan-

133 1551 314 1638 gulis
334 1598 353 1628 ‚
414 1552 608 1617 dente
667 1551 748 1615 ad
791 1548 1149 1635 marginem
1190 1548 1559 1615 inferiorem
1602 1566 1864 1616 reverso
1908 1575 2076 1637 saepe
2120 1576 2288 1638 prae-

134 1672 328 1751 ditis,
395 1670 794 1755 inaequaliter
859 1670 1462 1749 sinuato-dentata,
1508 1681 1723 1748 acuta3
1772 1672 1896 1759 fol.
1939 1674 2142 1736 media
2186 1672 2286 1738 his

134 1790 410 1869 similia,
454 1790 754 1879 longiora
795 1803 1041 1868 tamen,
1086 1788 1255 1855 lobis
1300 1788 1677 1855 lateralibus
1721 1790 1926 1878 magis
1956 1792 2286 1877 productis

134 1912 598 1998 angustisque,
667 1911 912 1990 bifidis,
978 1909 1132 1976 lobo
1197 1909 1501 1974 inferiore
1544 1910 1693 1996 plus
1737 1912 1948 1975 minus
1993 1935 2289 1991 reverso;

114 2032 249 2120 fol.
315 2033 639 2118 superiora
682 2029 822 2096 basi
870 2042 1168 2110 cuneata,
1217 2054 1252 2095 e
1295 2030 1854 2096 hastato-trilobis
1900 2029 2089 2112 (lobis
2133 2055 2289 2118 pro-

138 2151 358 2216 ductis
385 2149 723 2238 simplicib.
756 2149 1258 2231 adscendentib.)
1293 2148 1359 2213 in
1390 2149 2050 2217 hastato-lanceolata
2076 2150 2117 2215 1.
2150 2153 2289 2217 lan-

134 2272 391 2337 ceolata
434 2253 854 2358 integerrima
897 2271 1134 2336 sensim
1166 2269 1487 2336 abeuntia.
1551 2270 1788 2336 Omnia
1834 2283 2111 2337 ceterum
2140 2274 2287 2360 plus

131 2392 357 2457 minus
444 2414 741 2471 carnosa,
830 2392 1113 2478 primum
1207 2390 1814 2477 lepidoto-incana,
1890 2403 2026 2457 tum
2096 2416 2292 2481 supra

133 2512 472 2601 glabrata,
520 2497 778 2577 demum
822 2512 1123 2594 utrinque
1168 2511 1491 2575 denudata
1536 2524 1600 2576 et
1653 2512 2047 2578 virescentia.
2134 2514 2290 2579 Flo-

131 2657 239 2699 res
281 2633 348 2698 in
391 2631 783 2720 glomerulos
827 2631 1215 2717 paucifioros
1265 2630 1581 2717 dispositi.
1659 2630 2000 2697 Glomeruli
2026 2632 2290 2698 inferio-

134 2775 252 2819 res
301 2753 597 2817 axillares
643 2751 902 2827 remoti,
949 2751 1319 2837 superiores
1358 2749 1727 2816 terminales
1758 2753 1970 2839 magis
2004 2754 2291 2833 conferti,

134 2872 323 2938 unde
365 2871 835 2938 inflorescentia
881 2870 1226 2934 anthurum
1269 2870 1311 2935 l.
1358 2870 1604 2958 spicam
1650 2871 2007 2958 digitalem,
2047 2873 2291 2939 inferne

137 2994 570 3078 interruptam
637 3001 699 3056 et
763 2990 1092 3067 foliosam,
1159 2960 1433 3076 superne
1497 2994 1736 3057 nudam
1804 3003 1868 3057 et
1912 2993 2289 3070 rarifloram,

135 3113 360 3181 refert.
445 3114 846 3199 Periqonium
894 3112 1300 3199 fructiferum
1365 3112 1804 3192 carnosulum,
1866 3113 2292 3199 utplurimum

139 3242 368 3297 exacte
436 3230 962 3311 rhomboideum,
1028 3253 1235 3316 usque
1290 3233 1375 3296 ad
1419 3233 1705 3298 medium
1749 3233 1882 3299 fere
1909 3215 2291 3313 'connatun'n

142 3351 441 3437 margine
487 3351 980 3429 denticulatum,
1026 3352 1218 3418 dorso
1264 3351 1465 3439 gibbo
1512 3352 1985 3418 tuberculatum
2027 3354 2069 3418 l.
2114 3354 2291 3420 laeve.

151 3471 410 3537 Semina
452 3495 685 3560 magna
730 3495 933 3559 opaca
975 3495 1235 3560 rugosa.

278 3590 385 3657 Ab
430 3593 512 3658 A.
573 3568 924 3682 crassifolia
969 3591 1046 3659 C.
1092 3593 1176 3657 A.
1221 3592 1401 3679 Mey.
1448 3615 1550 3680 ap.
1595 3591 1843 3659 Ledeb.
1902 3594 2003 3659 Fl.
2050 3593 2183 3659 Alt.
2232 3604 2295 3659 et

140 3711 238 3777 Ic.
285 3711 386 3778 Fl.
433 3736 590 3779 ross.
638 3725 680 3778 t.
726 3717 828 3779 42.
876 3737 1023 3779 cum
1069 3736 1198 3797 qua
1241 3713 1417 3799 apud
1462 3736 1580 3777 nos
1627 3726 2074 3794 commutatur,
2107 3715 2292 3779 lucu-

142 3833 352 3898 lenter
409 3832 654 3898 differt:
718 3833 885 3900 foliis
930 3833 1225 3920 plurimis
1271 3835 1405 3899 basi
1448 3832 1877 3918 triamqularib.
1927 3840 2090 3909 (nec.
2137 3857 2292 3899 ova-

145 3953 284 4039 tis),
332 3951 708 4039 glomerulis
752 3954 820 4019 in
850 3955 1096 4042 spicam
1124 3978 1367 4032 raram,
1390 3953 1686 4039 foliosam
1717 3953 1882 4038 (nec.
1915 3932 2294 4018 densissime
